<record><leader>00000cas a22000007a 4500</leader><controlfield tag="001">17766954</controlfield><controlfield tag="008">880411d18961897ohudr ne      0    0eng d</controlfield><datafield ind1=" " ind2=" " tag="010"><subfield code="a">sn 88078442 </subfield></datafield><datafield ind1=" " ind2=" " tag="040"><subfield code="a">ONP</subfield><subfield code="b">eng</subfield><subfield code="c">ONP</subfield><subfield code="d">NVF</subfield><subfield code="d">OCLCQ</subfield><subfield code="d">OCLCF</subfield><subfield code="d">OCLCO</subfield></datafield><datafield ind1=" " ind2=" " tag="042"><subfield code="a">msc</subfield></datafield><datafield ind1=" " ind2=" " tag="043"><subfield code="a">n-us-oh</subfield></datafield><datafield ind1="0" ind2=" " tag="130"><subfield code="a">Evening journal (Akron, Ohio)</subfield></datafield><datafield ind1="1" ind2="4" tag="245"><subfield code="a">The evening journal.</subfield></datafield><datafield ind1="3" ind2="0" tag="246"><subfield code="a">Sunday journal</subfield></datafield><datafield ind1=" " ind2=" " tag="260"><subfield code="a">Akron, Ohio :</subfield><subfield code="b">C.H. Wright</subfield></datafield><datafield ind1=" " ind2=" " tag="310"><subfield code="a">Daily</subfield></datafield><datafield ind1="1" ind2=" " tag="362"><subfield code="a">Began with Sept. 2, 1896 issue; ceased in June 1897.</subfield></datafield><datafield ind1=" " ind2=" " tag="500"><subfield code="a">On Sundays published as: Sunday journal.</subfield></datafield><datafield ind1=" " ind2=" " tag="588"><subfield code="a">Description based on: Vol. 1, no. 2 (Sept. 3, 1896).</subfield></datafield><datafield ind1=" " ind2="0" tag="651"><subfield code="a">Akron (Ohio)</subfield><subfield code="v">Newspapers.</subfield></datafield><datafield ind1=" " ind2="0" tag="651"><subfield code="a">Summit County (Ohio)</subfield><subfield code="v">Newspapers.</subfield></datafield><datafield ind1=" " ind2="7" tag="655"><subfield code="a">Newspapers.</subfield><subfield code="2">fast</subfield><subfield code="0">(OCoLC)fst01423814</subfield></datafield><datafield ind1=" " ind2="7" tag="651"><subfield code="a">Ohio</subfield><subfield code="z">Akron.</subfield><subfield code="2">fast</subfield><subfield code="0">(OCoLC)fst01207143</subfield></datafield><datafield ind1=" " ind2="7" tag="651"><subfield code="a">Ohio</subfield><subfield code="z">Summit County.</subfield><subfield code="2">fast</subfield><subfield code="0">(OCoLC)fst01206643</subfield></datafield><datafield ind1=" " ind2=" " tag="752"><subfield code="a">United States</subfield><subfield code="b">Ohio</subfield><subfield code="c">Summit</subfield><subfield code="d">Akron.</subfield></datafield><datafield ind1="0" ind2="7" tag="785"><subfield code="t">Akron beacon and Republican</subfield><subfield code="w">(DLC)sn 84028147</subfield></datafield><datafield ind1="0" ind2="7" tag="785"><subfield code="t">Beacon journal (Akron, Ohio)</subfield><subfield code="w">(DLC)sn 84028148</subfield></datafield></record>